<record><leader>00000cas a22000007a 4500</leader><controlfield tag="001">9526733</controlfield><controlfield tag="008">830519d19821984couwr ne      0   a0eng d</controlfield><datafield ind1=" " ind2=" " tag="010"><subfield code="a">sn 83007837 </subfield></datafield><datafield ind1=" " ind2=" " tag="040"><subfield code="a">NSD</subfield><subfield code="b">eng</subfield><subfield code="c">NSD</subfield><subfield code="d">ANN</subfield><subfield code="d">OCLCQ</subfield><subfield code="d">OCLCO</subfield></datafield><datafield ind1=" " ind2=" " tag="012"><subfield code="m">d</subfield></datafield><datafield ind1="1" ind2=" " tag="022"><subfield code="a">0745-8657</subfield><subfield code="l">0745-8657</subfield><subfield code="2">1</subfield></datafield><datafield ind1="1" ind2=" " tag="029"><subfield code="a">AU@</subfield><subfield code="b">000020274475</subfield></datafield><datafield ind1=" " ind2=" " tag="042"><subfield code="a">nsdp</subfield></datafield><datafield ind1=" " ind2=" " tag="043"><subfield code="a">n-us-az</subfield></datafield><datafield ind1=" " ind2="0" tag="222"><subfield code="a">Today on the Colorado River</subfield></datafield><datafield ind1="0" ind2="0" tag="245"><subfield code="a">Today on the Colorado River.</subfield></datafield><datafield ind1=" " ind2=" " tag="260"><subfield code="a">Lake Havasu City, Ariz. :</subfield><subfield code="b">Today on the Colorado River, Inc.,</subfield><subfield code="c">1982-1984.</subfield></datafield><datafield ind1=" " ind2=" " tag="310"><subfield code="a">Weekly</subfield></datafield><datafield ind1="0" ind2=" " tag="362"><subfield code="a">Mar. 17, 1982-v. 3, no. 12 (June 6, 1984).</subfield></datafield><datafield ind1=" " ind2="0" tag="651"><subfield code="a">Lake Havasu City (Ariz.)</subfield><subfield code="v">Newspapers.</subfield></datafield><datafield ind1=" " ind2="0" tag="651"><subfield code="a">Mohave County (Ala.)</subfield><subfield code="v">Newspapers.</subfield></datafield><datafield ind1=" " ind2=" " tag="752"><subfield code="a">United States</subfield><subfield code="b">Arizona</subfield><subfield code="c">Mohave</subfield><subfield code="d">Lake Havasu City.</subfield></datafield><datafield ind1="0" ind2="0" tag="780"><subfield code="t">Mohave-Colorado River sun</subfield><subfield code="w">(DLC)sn 95060783</subfield></datafield><datafield ind1="0" ind2="0" tag="785"><subfield code="t">Today on the Colorado River newspaper</subfield><subfield code="w">(DLC)sn 95060784</subfield></datafield><datafield ind1=" " ind2=" " tag="936"><subfield code="a">June 16, 1982</subfield></datafield></record>